  @webpage{BatterySpace,
    key =          "BatterySpace",
    title =        "Warnings for using batteries",
    howpublished = "online",
    url =          "https://www.batteryspace.com/warningsforusingbatteries.aspx",
    publisher =    "AA Portable Power Corp.",
    cited =        "2024-12-03",
  }

  @webpage{BatterySpaceTypes,
    key =          "BatterySpaceTypes",
    title =        "Rechargeable Batteries: 18650 / 20700 / 21700 ",
    howpublished = "online",
    url =          "https://www.batteryspace.com/18650seriesli-ioncells.aspx",
    publisher =    "AA Portable Power Corp.",
    cited =        "2024-12-20",
  }

  @webpage{Robocraze,
    key =          "Robocraze",
    title =        "Lithium-ion vs Lithium Polymer Battery",
    howpublished = "online",
    url =          "https://robocraze.com/blogs/post/lithium-ion-vs-lithium-polymer-battery",
    publisher =    "Robocraze",
    cited =        "2024-12-04",
  }

  @book{Bergveld,
    key =          "Bergveld",
    author =       "BERGVELD, Henk Jan; KRUIJT, Wanda S. a NOTTEN, Peter H. L.",
    title =        "Battery Management Systems",
    subtitle =     "Design by Modelling",
    howpublished = "online",
    edition =      "1",
    address =      "Dordrecht",
    publisher =    "Springer Netherlands",
    year =         "2002",
    isbn =         "978-90-481-6108-9",
    doi =          "10.1007/978-94-017-0843-2",
    url =          "https://link.springer.com/book/10.1007/978-94-017-0843-2",
    cited =        "2024-12-03",
  }
  
  @webpage{CampusComponent,
    key =          "CampusComponent",
    author =       "AKB",
    title =        "What is a Battery Management System – BMS Building Blocks, Working \& Functions",
    howpublished = "online",
    url =          "https://www.campuscomponent.com/blogs/post/what-is-a-battery-management-system-%E2%80%93-bms-building-blocks-working-functions",
    publisher =    "Campus Component",
    cited =        "2024-12-04",
  }

  @webpage{Lauren,
    key =          "Lauren",
    title =        "What is an ESC and how does it work",
    author =       "Nagel Lauren",
    howpublished = "online",
    url =          "https://www.tytorobotics.com/blogs/articles/what-is-an-esc-how-does-an-esc-work",
    publisher =    "Tyto Robotics",
    day =          "15",
    month =        "8",
    year =         "2023",
    cited =        "2024-12-09",
  }

  @webpage{Teja,
    key =          "Teja",
    title =        "Brushless DC (BLDC) Motor",
    author =       "Ravi Teja",
    howpublished = "online",
    url =          "https://www.electronicshub.org/brushless-dc-motor-bldc/",
    publisher =    "ElectronicsHub",
    day =          "18",
    month =        "9",
    year =         "2024",
    cited =        "2024-12-07",
  }

  @book{Larminie,
    key =          "Larminie",
    author =       "James Larminie and John Lowry",
    title =        "Electric Vehicle Technology Explained",
    publisher =    "John Wiley \& Sons",
    year =         "2012",
    edition =      "2",
    isbn =         "978-1-119-94273-3",
  }

  @article{Itani,
    key =          "Itani",
    author =       "Khaled Itani and Alexandre De Bernardinis",
    title =        "Review on New-Generation Batteries Technologies: Trends and Future Directions",
    journal =      "Energies",
    volume =       "16",
    number =       "22",
    pages =        "7530",
    year =         "2023",
    doi =          "10.3390/en16227530",
    url =          "https://doi.org/10.3390/en16227530",
    cited =        "2024-12-06",
  }

  @misc{WikiElectricSkateboard,
    key =          "WikiElectricSkateboard",
    title =        "Electric skateboard",
    howpublished = "online",
    url =          "https://en.wikipedia.org/w/index.php?title=Electric_skateboard&oldid=1250981095",
    publisher =    "Wikipedia",
    cited =        "2024-11-25",
  }

  @website{TorqueBoards,
    key =          "TorqueBoards",
    title =        "Torque Boards",
    howpublished = "online",
    url =          "https://diyelectricskateboard.com/",
    publisher =    "DIY Electric Skateboard",
    cited =        "2024-12-15",
  }

  @webpage{Espressif,
    key =          "ESP32",
    title =        "ESP32 Datasheet",
    howpublished = "online",
    url =          "https://www.espressif.com/sites/default/files/documentation/esp32_datasheet_en.pdf",
    publisher =    "Espressif Systems",
    version =      "4.7",
    cited =        "2024-12-25",
  }

  @website{EspressifIDF,
    key =          "ESP32 IDF",
    title =        "ESP-IDF Programming Guide",
    howpublished = "online",
    url =          "https://docs.espressif.com/projects/esp-idf/en/stable/esp32",
    publisher =    "Espressif Systems",
    cited =        "2024-12-25",
  }

  @webpage{Arduino,
    key =          "Arduino",
    title =        "Arduino",
    howpublished = "online",
    url =          "https://www.arduino.cc/",
    publisher =    "Arduino",
    cited =        "2024-12-27",
  }

  @webpage{Adafruit,
    key =          "Adafruit",
    title =        "Accel, Gyro, and Magnetometers",
    howpublished = "online",
    url =          "https://www.adafruit.com/category/521",
    publisher =    "Adafruit Industries",
    path =         "Shop -> Sensors -> Accel, Gyro and Magnetometers",
    cited =        "2024-12-10",
  }

  @article{Soltero,
    key =          "Soltero",
    author =       "Manny Soltero",
    title =        "What Is a Hall-effect Sensor?",
    journal =      "All About Circuits",
    year =         "2021",
    month =        "5",
    howpublished = "online",
    url =          "https://www.ti.com/lit/ta/sszt164/sszt164.pdf",
    publisher =    "Texas Instruments",
    cited =        "2024-12-10",
  }

  @webpage{IQS,
    key =          "IQS",
    title =        "Temperature Sensors",
    howpublished = "online",
    url =          "https://www.iqsdirectory.com/articles/thermocouple/temperature-sensors.html",
    publisher =    "IQS Directory",
    cited =        "2024-12-10",
  }

  @book{Horowitz,
    key =          "Horowitz",
    author =       "Paul Horowitz a Winfield Hill",
    title =        "The Art of Electronics",
    edition =      "3",
    address =      "Cambridge",
    publisher =    "Cambridge University Press",
    year =         "2015",
    isbn =         "978-0-521-80926-9",
    cited =        "2024-12-11",
  }

  @webpage{Afaneh,
    key =          "Afaneh",
    author =       "Mohammad Afaneh",
    title =        "Wireless Connectivity Options for IoT Applications: Technology Comparison",
    howpublished = "online",
    url =          "https://www.bluetooth.com/blog/wireless-connectivity-options-for-iot-applications-technology-comparison/",
    year =         "2020",
    month =        "4",
    day =          "21",
    publisher =    "Bluetooth SIG",
    cited =        "2024-12-11",
  }

  @webpage{Boosted,
    key =          "Boosted",
    title =        "Boosted (company)",
    howpublished = "online",
    url =          "https://en.wikipedia.org/w/index.php?title=Boosted_(company)&oldid=1250291606",
    publisher =    "Boosted USA",
    cited =        "2024-12-15",
  }

  @webpage{BoostedGuys,
    key =          "BoostedGuys",
    title =        "Boosted Boards",
    howpublished = "online",
    url =          "https://theboostedguys.com/",
    publisher =    "Boosted Guys",
    cited =        "2024-12-15",
  }

  @webpage{BoostedManual,
    key =          "BoostedManual",
    title =        "Boosted Boards User Manuals",
    howpublished = "online",
    url =          "https://foreverboosted.co/user-manuals",
    publisher =    "Boosted Boards",
    cited =        "2024-12-16",
  }

  @webpage{BoostedApp,
    key =          "BoostedApp",
    title =        "Boosted App",
    howpublished = "online",
    url =          "https://boosted.en.aptoide.com/app",
    publisher =    "Boosted Boards",
    cited =        "2024-12-16",
  }

  @website{Evolve,
    key =          "Evolve",
    title =        "Evolve Skateboards",
    howpublished = "online",
    url =          "https://rideevolve.eu/",
    publisher =    "Evolve Skateboards",
    cited =        "2024-12-16",
  }

  @website{Meepo,
    key =          "Meepo",
    title =        "Meepo Board",
    howpublished = "online",
    url =          "https://www.meepoboard.com/",
    publisher =    "Meepo Board",
    cited =        "2024-12-16",
  }

  @website{WowGo,
    key =          "WowGo",
    title =        "WowGo Board",
    howpublished = "online",
    url =          "https://www.wowgoboard.com/",
    publisher =    "WowGo Board",
    cited =        "2024-12-17",
  }

  @website{Backfire,
    key =          "Backfire",
    title =        "Backfire Boards",
    howpublished = "online",
    url =          "https://www.backfireboards.com/",
    publisher =    "Backfire Boards",
    cited =        "2024-12-17",
  }

  @website{Halo,
    key =          "Halo",
    title =        "Halo Board",
    howpublished = "online",
    url =          "https://www.haloboard.com/",
    publisher =    "Halo Board",
    cited =        "2024-12-18",
  }

  @website{Puaida,
    key =          "Puaida",
    title =        "Puaida",
    howpublished = "online",
    url =          "https://www.puaida.com",
    publisher =    "Puaida",
    path =         "Accessories -> Dual Motor Set",
    cited =        "2024-12-10",
  }

  @website{Gell,
    key =          "Eskatehub",
    author =       "Nathan Gell",
    title =        "The Best Electric Skateboards Of 2024",
    howpublished = "online",
    url =          "https://eskatehub.com/best-electric-skateboards/",
    year =         "2024",
    month =        "5",
    day =          "14",
    publisher =    "Eskatehub",
    cited =        "2024-12-14",
  }

  @website{VESC,
    key =          "VESC",
    title =        "VESC",
    howpublished = "online",
    url =          "https://vesc-project.com/",
    publisher =    "VESC Project",
    cited =        "2024-12-10",
  }

  @webpage{VESC-v4,
    key =          "VESC-v4",
    title =        "VESC Hardware v4.12",
    author =       "Benjamin Vedder",
    howpublished = "online",
    url =          "https://github.com/vedderb/bldc-hardware",
    cited =        "2024-12-10",
  }

  @webpage{CDV,
    key =          "CDV",
    title =        "Doporučení pro bezpečnost provozu elektrokoloběžek",
    howpublished = "online",
    url =          "https://www.cdv.cz/tisk/doporuceni-pro-bezpecnost-provozu-elektrokolobezek",
    publisher =    "Centrum dopravního výzkumu",
    cited =        "2024-12-28",
  }

  @standard{STNEN17128,
    key =         "STNEN17128",
    title =       "Ľahké motorové vozidlá na prepravu osôb a tovaru a s tým súvisiace zariadenia, ktoré nepodliehajú typovému schváleniu na použitie na cestách – Osobné ľahké elektrické vozidlá – Požiadavky na bezpečnosť a skúšobné metódy",
    institution = "Slovenský ústav technickej normalizácie",
    year =        "2020",
    number =      "STN EN 17128:2020",
    address =     "Bratislava",
    note =        "Slovenská verzia európskej normy EN 17128:2020",
    cited =       "2024-12-28",
  }

  @thesis{Ryznarova,
    key =          "Ryznarova",
    author =       "Adéla Rýznarová",
    title =        "Design elektrického longboardu",
    type =         "Bakalářská práce",
    school =       "Vysoké učení technické v Brně, Fakulta strojního inženýrství, Ústav konstruování",
    year =         "2021",
    url =          "https://www.vutbr.cz/studenti/zav-prace/detail/133011",
    note =         "Vedoucí práce Ing. arch. Vladimír Haltof, Ph.D",
    location =     "Brno, CZ",
    language =     "czech",
    howpublished = "online",
    cited =        "2024-12-30",
  }

  @webpage{Viberide,
    key =          "Viberide",
    title =        "Viberide Longboard Brake",
    howpublished = "online",
    url =          "https://viberide.com/products/longboard-brake",
    publisher =    "Viberide",
    cited =        "2024-12-30",
  }

  @article{Ciocan,
    key =          "Ciocan",
    author =       "Alexandru Ciocan; Cosmin Ungureanu; Alin Chitu; Elena Carcadea a George Darie",
    title =        "Electrical Longboard for Everyday Urban Commuting",
    journal =      "Sustainability",
    year =         "2020",
    volume =       "12",
    number =       "19",
    pages =        "8091",
    howpublished = "online",
    url =          "https://www.mdpi.com/2071-1050/12/19/8091",
    doi =          "10.3390/su12198091",
    cited =        "2024-12-29",
  }
